@book{Williams91,
   title =     {Probability with martingales},
   author =    {Williams, D.},
   publisher = {Cambridge University Press},
   year =      {1991},
   series =    {Cambridge Mathematical Textbooks},
   edition =   {17},
   volume =    {}
}

@book{JacodProtter02,
   title =     {Probability Essentials},
   author =    {J. Jacod and P. Protter},
   publisher = {Springer},
   year =      {2002},
   series =    {},
   edition =   {2},
   volume =    {}
}


@article{Etemadi81,
	Author = {Etemadi, N.},
	Da = {1981/02/01},
	Id = {Etemadi1981},
	Isbn = {1432-2064},
	Journal = {Zeitschrift f{\"u}r Wahrscheinlichkeitstheorie und Verwandte Gebiete},
	Number = {1},
	Pages = {119--122},
	Title = {An elementary proof of the strong law of large numbers},
	Ty = {JOUR},
	Volume = {55},
	Year = {1981}
}

@book{Norris97,
   title =     {Markov Chains},
   author =    {Norris, J. R.},
   publisher = {Cambridge University Press},
   year =      {1997},
   series =    {Cambridge Series in Statistical and Probabilistic Mathematics},
   edition =   {1},
   volume =    {}
}

@book{Hoel72,
   title =     {Introduction to Stochastic Processes},
   author =    {P. G. Hoel},
   publisher = {Houghton Mifflin Harcourt},
   year =      {1972},
   series =    {},
   edition =   {},
   volume =    {}
}